<?xml version="1.0" encoding="UTF-8"?><collection xmlns="http://www.loc.gov/MARC21/slim"><record><leader>00409nam--2200121-i-4500</leader><controlfield tag="001">000002774</controlfield><controlfield tag="002">20161230</controlfield><controlfield tag="005">20161230201025</controlfield><controlfield tag="008">060222s1000------------r-----000-0-eng-d</controlfield><datafield ind1=" " ind2=" " tag="100"><subfield code="a">Collie, B.And Moilliet, J.L</subfield></datafield><datafield ind1=" " ind2=" " tag="245"><subfield code="a">Surface activity the physical chemistry, technical applications and chemical constitution of synthetic surface - active agents</subfield></datafield><datafield ind1=" " ind2=" " tag="260"><subfield code="a">New York, D.Van Nostrand, /1950</subfield></datafield><datafield ind1=" " ind2=" " tag="490"><subfield code="a">Xii+379p</subfield></datafield></record></collection>